%%%%%%%%%%%%%%%%%%%%%%%%%%%%%%%%%%%%%%%%%%%%%%%%%%%%%%%%%%%%%%%%%%%%%
%Livros
@BOOK{kurtz:1992,
  AUTHOR = {David C. Kurtz },
  YEAR = 1992,
  TITLE = {{F}oundations of {A}bstract {M}athematics},
  PUBLISHER = {McGraw-Hill Book Co., Inc.},
  ADDRESS = {Singapura}
}

@BOOK{geronimo:franco:2006,
  AUTHOR = {Jo\ao Roberto Ger\^onimo and Valdeni Soliani Franco },
  YEAR = 2006,
  TITLE = {{F}undamentos de {M}atem\'atica},
  PUBLISHER = {Editora da Universidade Estadual de Maring\'a},
  ADDRESS = {Maring\'a}
}

@BOOK{stewart:tall:2015,
  AUTHOR = {Ian Stewart and David Tall},
  YEAR = 2015,
  TITLE = {{T}he {F}oundations of {M}athematics},
  PUBLISHER = {Oxford University Press},
  ADDRESS = {New York}
}

@BOOK{chartrand:polimeni:zhang:2013,
  AUTHOR = {Gary Chartrand and Albert D. Polimeni and Ping Zhang},
  YEAR = 2013,
  TITLE = {{M}athematical {P}roofs: {A} {T}ransision to {A}dvanced {M}athematics},
  PUBLISHER = {Pearson Education, Inc.},
  ADDRESS = {New York}
}

@BOOK{velleman:2006,
  AUTHOR = {Daniel J. Velleman},
  YEAR = 2006,
  TITLE = {{H}ow to {P}rove it: {A} {S}tructured {A}pproach},
  PUBLISHER = {Cambridge University Press},
  ADDRESS = {New York}
}

@BOOK{johnson:1972,
  AUTHOR = {Phillip E. Johnson},
  YEAR = 1972,
  TITLE = {{A} {H}istory of {S}et {T}heory},
  PUBLISHER = {Prindle, Weber \& Schimidt},
  ADDRESS = {Boston}
}

@BOOK{halmos:1974,
  AUTHOR = {Paul R. Halmos},
  YEAR = 1974,
  TITLE = {{N}aive {S}et {T}heory},
  PUBLISHER = {Springer-Verlag},
  ADDRESS = {New York}
}

@BOOK{pinter:1971,
  AUTHOR = {Charles C. Pinter},
  YEAR = 1971,
  TITLE = {{S}et {T}heory},
  PUBLISHER = {Addison-Wesley},
  ADDRESS = {Reading}
}

@BOOK{cordeiro:2013,
  AUTHOR = {Daniel Cordeiro de Moraes Filho},
  YEAR = 2013,
  TITLE = {{U}m {C}onvite \`a {M}atem\'atica},
  PUBLISHER = {SBM},
  ADDRESS = {Rio de Janeiro}
}

@book{epstein:2006,
   title =     {Classical mathematical logic : the semantic foundations of logic},
   author =    {Richard L. Epstein and Leslaw W. Szczerba},
   publisher = {Princeton University Press},
   year =      {2006},
   address = {Princeton}
}

@book{rautenberg:2010,
   title =     {A concise introduction to mathematical logic},
   author =    {Wolfgang Rautenberg},
   publisher = {Springer-Verlag},
   year =      {2010},
   address = {New York}
}

@book{cori:2000,
   title =     {Mathematical Logic : A course with exercises -- Part I -- Propositional Calculus, Boolean Algebras, Predicate Calculus, Completeness Theorems},
   author =    {Rene Cori and Daniel Lascar and Donald H. Pelletier},
   publisher = {Oxford University Press, USA},
   year =      {2000},
   address = {New York}
}

@book{stoll:1979,
   title =     {Set Theory and Logic},
   author =    {Robert R. Stoll},
   publisher = {Dover Publications},
   year =      {1979},
   address = {New York}
}

@book{landau:1966,
   title =     {Foundations of Analysis: The Arithmetic of Whole, Rational, Irrational, and Complex Numbers. A Supplement to Textbooks on the Differential and Integral Calculus},
   author =    {Edmund Landau},
   publisher = {Chelsea Pub. Co},
   year =      {1966},
   edition =   {3rd}
}


















